<record><leader>00000cas a22000007a 4500</leader><controlfield tag="001">10776274</controlfield><controlfield tag="008">840525d18891892nyuwr ne      0    0eng d</controlfield><controlfield tag="009">148</controlfield><datafield ind1=" " ind2=" " tag="010"><subfield code="a">sn 84031272 </subfield></datafield><datafield ind1=" " ind2=" " tag="040"><subfield code="a">NYG</subfield><subfield code="b">eng</subfield><subfield code="c">NYG</subfield><subfield code="d">NYS</subfield><subfield code="d">OCLCQ</subfield></datafield><datafield ind1=" " ind2=" " tag="042"><subfield code="a">msc</subfield></datafield><datafield ind1="0" ind2="0" tag="245"><subfield code="a">Canisteo weekly times.</subfield></datafield><datafield ind1="1" ind2="3" tag="246"><subfield code="a">Canisteo times</subfield></datafield><datafield ind1=" " ind2=" " tag="260"><subfield code="a">Canisteo, N.Y. :</subfield><subfield code="b">Frank B. Smith</subfield></datafield><datafield ind1=" " ind2=" " tag="300"><subfield code="a">4 v. :</subfield><subfield code="b">ill.</subfield></datafield><datafield ind1=" " ind2=" " tag="310"><subfield code="a">Weekly</subfield></datafield><datafield ind1="0" ind2=" " tag="362"><subfield code="a">Vol. 13, no. 11 (Mar. 28, 1889)-v. 16, no. 20 (May 26, 1892).</subfield></datafield><datafield ind1=" " ind2=" " tag="500"><subfield code="a">Motto: "Devoted to the interests of Canisteo first, last and all the time."</subfield></datafield><datafield ind1=" " ind2=" " tag="500"><subfield code="a">"Independent."</subfield></datafield><datafield ind1=" " ind2=" " tag="500"><subfield code="a">Published on Thursdays.</subfield></datafield><datafield ind1=" " ind2=" " tag="530"><subfield code="a">Available on microfilm from Micro Photo Division, Bell and Howell Co.</subfield></datafield><datafield ind1=" " ind2=" " tag="500"><subfield code="a">Editors: F.B. Smith; 1889-; F.A. Fay, -1892.</subfield></datafield><datafield ind1=" " ind2="4" tag="651"><subfield code="a">Canisteo (N.Y.)</subfield><subfield code="v">Newspapers.</subfield></datafield><datafield ind1="1" ind2=" " tag="700"><subfield code="a">Smith, Frank B.</subfield></datafield><datafield ind1=" " ind2=" " tag="752"><subfield code="a">United States</subfield><subfield code="b">New York</subfield><subfield code="c">Steuben</subfield><subfield code="d">Canisteo.</subfield></datafield><datafield ind1="0" ind2="0" tag="780"><subfield code="t">Canisteo times (Canisteo, N.Y. : 1875)</subfield><subfield code="w">(DLC)sn 84031271</subfield></datafield><datafield ind1="0" ind2="0" tag="785"><subfield code="t">Canisteo times (Canisteo, N.Y. : 1892)</subfield><subfield code="w">(DLC)sn 84031273</subfield></datafield></record>